<record><leader>4cam a2200445Ii 4500    </leader><controlfield tag="001">ocn875586868</controlfield><controlfield tag="003">OCoLC</controlfield><controlfield tag="005">20180731020322.0</controlfield><controlfield tag="006">m     o  d        </controlfield><controlfield tag="008">140403t20142014nju     ob    001 0 eng d</controlfield><datafield tag="020" ind1=" " ind2=" "><subfield code="a">9781118433829</subfield></datafield><datafield tag="020" ind1=" " ind2=" "><subfield code="a">1118433823</subfield></datafield><datafield tag="020" ind1=" " ind2=" "><subfield code="a">9781118419496</subfield></datafield><datafield tag="020" ind1=" " ind2=" "><subfield code="a">1118419499</subfield></datafield><datafield tag="020" ind1=" " ind2=" "><subfield code="a">9781118421017</subfield></datafield><datafield tag="020" ind1=" " ind2=" "><subfield code="a">1118421019</subfield></datafield><datafield tag="020" ind1=" " ind2=" "><subfield code="a">9781306550758</subfield></datafield><datafield tag="020" ind1=" " ind2=" "><subfield code="a">1306550750</subfield></datafield><datafield tag="040" ind1=" " ind2=" "><subfield code="a">N$T</subfield><subfield code="b">eng</subfield><subfield code="e">rda</subfield><subfield code="e">pn</subfield><subfield code="c">N$T</subfield><subfield code="d">IDEBK</subfield><subfield code="d">EBLCP</subfield><subfield code="d">MHW</subfield><subfield code="d">UKMGB</subfield><subfield code="d">E7B</subfield><subfield code="d">YDXCP</subfield><subfield code="d">UMI</subfield><subfield code="d">RECBK</subfield><subfield code="d">B24X7</subfield><subfield code="d">DEBBG</subfield><subfield code="d">COO</subfield><subfield code="d">CDX</subfield><subfield code="d">OCLCQ</subfield><subfield code="d">OCLCF</subfield><subfield code="d">DG1</subfield><subfield code="d">DEBSZ</subfield><subfield code="d">LOA</subfield><subfield code="d">YDX</subfield><subfield code="d">OCLCA</subfield><subfield code="d">COCUF</subfield><subfield code="d">DG1</subfield><subfield code="d">MOR</subfield><subfield code="d">Z5A</subfield><subfield code="d">CCO</subfield><subfield code="d">LIP</subfield><subfield code="d">PIFAG</subfield><subfield code="d">ZCU</subfield><subfield code="d">LIV</subfield><subfield code="d">MERUC</subfield><subfield code="d">OCLCQ</subfield><subfield code="d">U3W</subfield><subfield code="d">MNS</subfield><subfield code="d">REB</subfield><subfield code="d">UCO</subfield><subfield code="d">OCLCQ</subfield><subfield code="d">OCL</subfield><subfield code="d">STF</subfield><subfield code="d">CEF</subfield><subfield code="d">NRAMU</subfield></datafield><datafield tag="049" ind1=" " ind2=" "><subfield code="a">BNAM</subfield></datafield><datafield tag="100" ind1="1" ind2=" "><subfield code="a">Smallwood, Robert F.,</subfield><subfield code="d">1959-</subfield></datafield><datafield tag="245" ind1="1" ind2="0"><subfield code="a">Information governance :</subfield><subfield code="b">concepts, strategies and best practices /</subfield><subfield code="c">Robert F. Smallwood</subfield></datafield><datafield tag="260" ind1=" " ind2=" "><subfield code="a">Hoboken, New Jersey :</subfield><subfield code="b">John Wiley &amp; Sons, Inc.,</subfield><subfield code="c">[2014]</subfield></datafield><datafield tag="260" ind1=" " ind2=" "><subfield code="c">©2014</subfield></datafield><datafield tag="300" ind1=" " ind2=" "><subfield code="a">1 online resource</subfield></datafield><datafield tag="490" ind1="1" ind2=" "><subfield code="a">Wiley CIO series</subfield></datafield><datafield tag="504" ind1=" " ind2=" "><subfield code="a">Includes bibliographical references and index</subfield></datafield><datafield tag="505" ind1="0" ind2=" "><subfield code="a">Part 1: Information Governance Concepts, Definitions, and Principles. The Onslaught of Big Data and the Information Governance Imperative -- Information Governance, IT Governance, Data Governance: What's the Difference? -- Information Governance Principles -- Part 2: Information Governance Risk Assessment and Strategic Planning. Information Risk Planning and Management -- Strategic Planning and Best Practices for Information Governance -- Information Governance Policy Development  Part 3: Information Governance Key Impact Areas Based on the IG Reference Model. Business Considerations for a Successful IG Program / Barclay T Blair -- Information Governance and Legal Functions / Robert Smallwood, Randy Esq Kahn, Barry Murphy -- Information Governance and Records and Information Management Functions -- Information Governance and Information Technology Functions -- Information Governance and Privacy and Security Functions  Part 4: Information Governance for Delivery Platforms. Information Governance for E-Mail and Instant Messaging -- Information Governance for Social Media / Patricia Franks, Robert Smallwood -- Information Governance for Mobile Devices -- Information Governance for Cloud Computing / Monica Crocker, Robert Smallwood -- SharePoint® Information Governance / Monica Crocker, Robert Smallwood -- Long-Term Program Issues. Long-Term Digital Preservation / Charles M Dollar, Lori J Ashley -- Maintaining an Information Governance Program and Culture of Compliance -- Information Organization and Classification: Taxonomies and Metadata -- Laws and Major Regulations Related to Records Management -- Laws and Major Regulations Related to Privacy</subfield></datafield><datafield tag="520" ind1=" " ind2=" "><subfield code="a">"Information Governance (IG) is a rapidly emerging "super discipline" and is now being applied to electronic document and records management, email, social media, cloud computing, mobile computing, and, in fact, the management and output of information organization-wide. IG leverages information technologies to enforce policies, procedures and controls to manage information risk in compliance with legal and litigation demands, external regulatory requirements, and internal governance objectives. Information Governance: Concepts, Strategies, and Best Practices reveals how, and why, to utilize IG and leverage information technologies to control, monitor, and enforce information access and security policies"--Publisher's website</subfield></datafield><datafield tag="588" ind1="0" ind2=" "><subfield code="a">Online resource (Wiley, Bloomberg Law, viewed March 12, 2018)</subfield></datafield><datafield tag="650" ind1=" " ind2="0"><subfield code="a">Information resources management</subfield></datafield><datafield tag="650" ind1=" " ind2="0"><subfield code="a">Electronic records</subfield><subfield code="x">Management</subfield></datafield><datafield tag="650" ind1=" " ind2="0"><subfield code="a">Information storage and retrieval systems</subfield><subfield code="x">Business</subfield></datafield><datafield tag="650" ind1=" " ind2="0"><subfield code="a">Knowledge management</subfield></datafield><datafield tag="650" ind1=" " ind2="0"><subfield code="a">Management information systems</subfield></datafield><datafield tag="776" ind1="0" ind2="8"><subfield code="i">Print version:</subfield><subfield code="a">Smallwood, Robert F., 1959-</subfield><subfield code="t">Information governance.</subfield><subfield code="d">Hoboken, NJ : Wiley, 2014</subfield><subfield code="z">9781118218303</subfield><subfield code="w">(DLC)  2013045072</subfield><subfield code="w">(OCoLC)809616892</subfield></datafield><datafield tag="830" ind1=" " ind2="0"><subfield code="a">Wiley CIO series</subfield></datafield><datafield tag="856" ind1="4" ind2="0"><subfield code="3">Bloomberg Law</subfield><subfield code="u">https://www.bloomberglaw.com/browser/105.525412</subfield></datafield><datafield tag="907" ind1=" " ind2=" "><subfield code="a">.b238551x</subfield></datafield><datafield tag="998" ind1=" " ind2=" "><subfield code="a">inter</subfield></datafield></record>